<?xml version="1.0" encoding="UTF-8"?><collection xmlns="http://www.loc.gov/MARC21/slim"><record><leader>00404nam--2200133-i-4500</leader><controlfield tag="001">000046246</controlfield><controlfield tag="002">20161230</controlfield><controlfield tag="005">20161230201045</controlfield><controlfield tag="008">060222s1000------------r-----000-0-eng-d</controlfield><datafield ind1=" " ind2=" " tag="080"><subfield code="a">001.89</subfield></datafield><datafield ind1=" " ind2=" " tag="245"><subfield code="a">Untertainty in research, management and new product development</subfield></datafield><datafield ind1=" " ind2=" " tag="260"><subfield code="a">New York, Reinhold Publ.Corp., 1967, Xvii + 234p</subfield></datafield><datafield ind1=" " ind2=" " tag="700"><subfield code="a">Raymondm.Hainer,Shermankingsbury,Davidb.Gleicher</subfield></datafield><datafield ind1=" " ind2=" " tag="852"><subfield code="a">30214</subfield></datafield></record></collection>